@article{phoabe,
	author = "Sana Belguith and Nesrine Kaaniche and Maryline Laurent and Abderrazak Jemai and Rabah Attia",
	title = "{PHOABE: Securely outsourcing multi-authority attribute based encryption with policy hidden for cloud assisted IoT}",
	journal = "Computer Networks",
	number = "133",
	pages = "141--156",
	year = "2018",
	DOI = "https://doi.org/10.1016/j.comnet.2018.01.036"
}

@inproceedings{paper,
  author = {Samaila, Musa G. and Sequeiros, Jo\~{a}o B. F. and Freire, M\'{a}rio M. and In\'{a}cio, Pedro R. M.},
  title = {Security Threats and Possible Countermeasures in IoT Applications Covering Different Industry Domains},
  year = {2018},
  isbn = {9781450364485},
  publisher = {Association for Computing Machinery},
  address = {New York, NY, USA},
  url = {https://doi.org/10.1145/3230833.3232800},
  doi = {10.1145/3230833.3232800},
  booktitle = {Proceedings of the 13th International Conference on Availability, Reliability and Security},
  articleno = {16},
  numpages = {9},
  keywords = {Internet of Things, Security requirements, IoT-HarPSecA, Application domains, Security framework, Security},
  location = {Hamburg, Germany},
  series = {ARES 2018}
}
