@article{El-Zawawy2020,
  author={El-Zawawy, Mohamed A. and Losiouk, Eleonora and Conti, Mauro},
  title={Do not let Next-Intent Vulnerability be your next nightmare: type system-based approach to detect it in Android apps},
  journal={International Journal of Information Security},
  year={2020},
  month={MÃ¤rz},
  day={06},
  issn={1615-5270},
  doi={10.1007/s10207-020-00491-x},
  url={https://doi.org/10.1007/s10207-020-00491-x}
}
